@ARTICLE{teoh2006,
author={Ngo, D.C.L. and Teoh, A.B.J. and Goh, A.},
journal={IEEE Transactions on Circuits and Systems for Video Technology},
title={Biometric hash: high-confidence face recognition},
year={2006},
month={June},
volume={16},
number={6},
pages={771-775},
keywords={cryptography;face recognition;feature extraction;principal component analysis;wavelet transforms;Fisher linear discriminant;Fourier-Mellin transform;PCA;biometric hash algorithm;dimensionality-reduction techniques;high-confidence face recognition;principal component analysis;robust extraction;wavelet transform;Biometrics;Data mining;Error correction;Face recognition;Fourier transforms;Principal component analysis;Robustness;Spatial databases;Wavelet analysis;Wavelet transforms;Biometric cryptography;face recognition;random projection},
doi={10.1109/TCSVT.2006.873780},
ISSN={1051-8215},}

@INPROCEEDINGS{Karabat,
author={Karabat, C. and Erdogan, Hakan},
booktitle={Fifth International Conference on Intelligent Information Hiding and Multimedia Signal Processing},
title={A Cancelable Biometric Hashing for Secure Biometric Verification System},
year={2009},
month={Sept},
pages={1082-1085},
doi={10.1109/IIH-MSP.2009.121},}

@INPROCEEDINGS{Bai,
author={Zhengyao Bai and Hatzinakos, D.},
booktitle={11th International Conference on Control Automation Robotics Vision (ICARCV)},
title={LBP-based biometric hashing scheme for human authentication},
year={2010},
month={Dec},
pages={1842-1847},
doi={10.1109/ICARCV.2010.5707216},}

@Article{Kuan,
AUTHOR = {Wai Kuan, Yip and Teoh, Andrew Beng Jin and Ngo, David Chek Ling},
TITLE = "{Secure hashing of dynamic hand signatures using Wavelet-Fourier compression with BioPhasor mixing and {2N}
 discretization}",
JOURNAL = {EURASIP Journal on Advances in Signal Processing},
VOLUME = {2007},
YEAR = {2007},
NUMBER = {1},
PAGES = {32-32},
DOI = {10.1155/2007/59125},
ISSN = {1687-6180},
}

@INPROCEEDINGS{Rathgeb,
author={Rathgeb, C. and Uhl, A.},
booktitle={20th International Conference on Pattern Recognition (ICPR)},
title={Iris-Biometric Hash Generation for Biometric Database Indexing},
year={2010},
month={Aug},
pages={2848-2851},
doi={10.1109/ICPR.2010.698},
ISSN={1051-4651},}

@article{Lumini,
title = "An improved BioHashing for human authentication ",
journal = "Pattern Recognition ",
volume = "40",
number = "3",
pages = "1057 - 1065",
year = "2007",
note = "",
issn = "0031-3203",
doi = "10.1016/j.patcog.2006.05.030",
author = "Alessandra Lumini and Loris Nanni",
}

@article{teoh2004,
title = "Biohashing: two factor authentication featuring fingerprint data and tokenised random number ",
journal = "Pattern Recognition ",
volume = "37",
number = "11",
pages = "2245 - 2255",
year = "2004",
note = "",
issn = "0031-3203",
doi = "10.1016/j.patcog.2004.04.011",
author = "Andrew Teoh Beng Jin and David Ngo Chek Ling and Alwyn Goh",
}

@InProceedings{Paillier99,
author="Paillier, Pascal",
editor="Stern, Jacques",
title="Public-Key Cryptosystems Based on Composite Degree Residuosity Classes",
booktitle="Advances in Cryptology --- EUROCRYPT '99",
year="1999",
publisher="Springer Berlin Heidelberg",
address="Berlin, Heidelberg",
pages="223--238",
abstract="This paper investigates a novel computational problem, namely the Composite Residuosity Class Problem, and its applications to public-key cryptography. We propose a new trapdoor mechanism and derive from this technique three encryption schemes: a trapdoor permutation and two homomorphic probabilistic encryption schemes computationally comparable to RSA. Our cryptosystems, based on usual modular arithmetics, are provably secure under appropriate assumptions in the standard model.",
isbn="978-3-540-48910-8"
}

@ARTICLE{Bringer2013,
author={J. Bringer and H. Chabanne and A. Patey},
journal={IEEE Signal Processing Magazine},
title={Privacy-Preserving Biometric Identification Using Secure Multiparty Computation: An Overview and Recent Trends},
year={2013},
volume={30},
number={2},
pages={42-52},
keywords={biometrics (access control);cryptographic protocols;data privacy;image recognition;GC;OT;biometric data privacy;biometric identification protocol;garbled circuits;homomorphic encryption;oblivious transfer;privacy-preserving biometric identification;secure function evaluation;secure multiparty computation;secure two-party computation;Best practices;Bioinformatics;Biometrics;Data privacy;Encryption;Identification;Market research;Network security;Privacy;Protocols},
ISSN={1053-5888},
month={March},}

@inproceedings{Ferrer2002,
author = {Domingo-Ferrer, Josep},
title = {A Provably Secure Additive and Multiplicative Privacy Homomorphism},
year = {2002},
isbn = {3540442707},
publisher = {Springer-Verlag},
address = {Berlin, Heidelberg},
booktitle = {Proceedings of the 5th International Conference on Information Security},
pages = {471–483},
numpages = {13},
keywords = {privacy homomorphisms, delegation of computing and data, multilevel security, e-gambling, encrypted data processing, cryptography},
series = {ISC ’02}
}

@inproceedings{Gentry2009,
author = {Gentry, Craig},
title = {Fully Homomorphic Encryption Using Ideal Lattices},
year = {2009},
isbn = {9781605585062},
publisher = {Association for Computing Machinery},
address = {New York, NY, USA},
url = {https://doi.org/10.1145/1536414.1536440},
doi = {10.1145/1536414.1536440},
booktitle = {Proceedings of the Forty-First Annual ACM Symposium on Theory of Computing},
pages = {169–178},
numpages = {10},
keywords = {fully homomorphic encryption},
location = {Bethesda, MD, USA},
series = {STOC ’09}
}














@inproceedings{Jain2010,
  author    = {Abhishek Nagar and
               Karthik Nandakumar and
               Anil K. Jain},
  title     = {Biometric template transformation: a security analysis},
  booktitle = {Media Forensics and Security},
  year      = {2010},
  pages     = {75410},
  doi       = {10.1117/12.839976},
  ee        = {http://dx.doi.org/10.1117/12.839976},
  crossref  = {DBLP:conf/mediaforensics/2010},
  bibsource = {DBLP, http://dblp.uni-trier.de}
}


@proceedings{DBLP:conf/mediaforensics/2010,
  editor    = {Nasir D. Memon and
               Jana Dittmann and
               Adnan M. Alattar and
               Edward J. Delp},
  title     = {Media Forensics and Security II, part of the IS{\&}T-SPIE
               Electronic Imaging Symposium, San Jose, CA, USA, January
               18-20, 2010, Proceedings},
  booktitle = {Media Forensics and Security},
  publisher = {SPIE},
  series    = {SPIE Proceedings},
  volume    = {7541},
  year      = {2010},
  isbn      = {978-0-8194-7934-1},
  bibsource = {DBLP, http://dblp.uni-trier.de},
  address = {United States},
}

@article{Jain08,
 author = {Jain, Anil K. and Nandakumar, Karthik and Nagar, Abhishek},
 title = {Biometric Template Security},
 journal = {EURASIP Journal on Advances in Signal Processing},
 issue_date = {January 2008},
 volume = {2008},
 month = jan,
 year = {2008},
 issn = {1110-8657},
 pages = {113:1-17},
 articleno = {113},
 numpages = {17},
 doi = {10.1155/2008/579416},
 acmid = {1387883},
 publisher = {Hindawi Publishing Corp.},
 address = {New York, NY, United States},
}

@inproceedings{Juels99,
 author = {Juels, Ari and Wattenberg, Martin},
 title = {A Fuzzy Commitment Scheme},
 booktitle = {Proceedings of the 6th ACM Conference on Computer and Communications Security},
 series = {CCS '99},
 year = {1999},
 isbn = {1-58113-148-8},
 location = {Kent Ridge Digital Labs, Singapore},
 pages = {28--36},
 numpages = {9},
 doi = {10.1145/319709.319714},
 acmid = {319714},
 publisher = {ACM},
 address = {New York, NY, USA},
}

@article{FVault2006,
 author = {Juels, Ari and Sudan, Madhu},
 title = {A Fuzzy Vault Scheme},
 journal = {Design Codes and Cryptography},
 issue_date = {February  2006},
 volume = {38},
 number = {2},
 month = feb,
 year = {2006},
 issn = {0925-1022},
 pages = {237--257},
 numpages = {21},
 acmid = {1110956},
 publisher = {Kluwer Academic Publishers},
 address = {Norwell, MA, USA},
 keywords = {authentication, cryptography, error-correting codes},
}

@article{Topcu2016,
  author    = {Berkay Topcu and
               Cagatay Karabat and
               Matin Azadmanesh and
               Hakan Erdogan},
  title     = {Practical security and privacy attacks against biometric hashing using
               sparse recovery},
  journal   = {{EURASIP} J. Adv. Sig. Proc.},
  volume    = {2016},
  pages     = {100},
  year      = {2016},
}

@incollection{Uludag05,
year={2005},
isbn={978-3-540-27887-0},
booktitle={Audio- and Video-Based Biometric Person Authentication},
volume={3546},
series={Lecture Notes in Computer Science},
editor={Kanade, Takeo and Jain, Anil and Ratha, NaliniK.},
doi={10.1007/11527923-32},
title={Fuzzy Vault for Fingerprints},
publisher={Springer Berlin Heidelberg},
author={Uludag, Umut and Pankanti, Sharath and Jain, AnilK.},
pages={310-319},
language={English},
address = {New York, NY, USA},
}

@book{Maltoni2009,
 author = {Maltoni, Davide and Maio, Dario and Jain, Anil K. and Prabhakar, Salil},
 title = {Handbook of Fingerprint Recognition},
 year = {2009},
 isbn = {1848822537},
 edition = {2nd},
 publisher = {Springer Publishing Company, Incorporated},
 doi = {10.1007/978-1-84882-254-2},
 address = {London},
}



@article{Kong2006,
  added-at = {2006-08-23T00:00:00.000+0200},
  author = {Kong, Adams and Cheung, King Hong and Zhang, David and Kamel, Mohamed S. and You, Jane},
  biburl = {http://www.bibsonomy.org/bibtex/29a627e75616fe011d405ae842ce62d97/dblp},
  date = {2006-08-23},
  description = {dblp},
  ee = {http://dx.doi.org/10.1016/j.patcog.2005.10.025},
  interhash = {facfe8d6f3f68e377139f925ea8e525a},
  intrahash = {9a627e75616fe011d405ae842ce62d97},
  journal = {Pattern Recognition},
  keywords = {dblp},
  number = 7,
  pages = {1359-1368},
  timestamp = {2006-08-23T00:00:00.000+0200},
  title = {An analysis of BioHashing and its variants.},
  doi = {10.1016/j.patcog.2005.10.025},
  volume = 39,
  year = 2006
}

@inproceedings{Zhou2010,
  added-at = {2010-08-21T00:00:00.000+0200},
  author = {Zhou, Xuebing and Kalker, Ton},
  address = {United States},
  booktitle = {Media Forensics and Security},
  editor = {Memon, Nasir D. and Dittmann, Jana and Alattar, Adnan M. and Delp, Edward J.},
  ee = {http://dx.doi.org/10.1117/12.839165},
  interhash = {ca5954fbcb7990f6d34022c43392ae38},
  intrahash = {5c19fd93f5dab9004f8b3636858042ef},
  isbn = {978-0-8194-7934-1},
  keywords = {dblp},
  pages = 75410,
  publisher = {SPIE},
  series = {SPIE Proceedings},
  timestamp = {2010-08-21T00:00:00.000+0200},
  title = {On the security of biohashing.},
  volume = 7541,
  doi = {10.1117/12.839165},
  year = 2010
}

@misc{wiki_one_way,
   author = "Wikipedia",
   title = "One-way function --- {W}ikipedia{,} The Free Encyclopedia",
   year = "2014",
   url = "http://en.wikipedia.org/wiki/One-way_function",
   note = "[accessed 05-October-2014]"
}

@inproceedings{Cheung2005,
  author    = {King Hong Cheung and
               Adams Wai-Kin Kong and
               Jane You and
               David Zhang},
  title     = {An Analysis on Invertibility of Cancelable Biometrics based
               on BioHashing},
  booktitle = {Proceedings of The 2005 International Conference on Imaging
               Science, Systems, and Technology: Computer Graphics, CISST},
  year      = {2005},
  pages     = {40-45},
  crossref  = {DBLP:conf/cisst/2005},
  bibsource = {DBLP, http://dblp.uni-trier.de}
}
@proceedings{DBLP:conf/cisst/2005,
  editor    = {Hamid R. Arabnia},
  title     = {Proceedings of The 2005 International Conference on Imaging
               Science, Systems, and Technology: Computer Graphics, CISST
               2005, Las Vegas, Nevada, USA, June 27-30, 2005},
  booktitle = {CISST},
  publisher = {CSREA Press},
  year      = {2005},
  isbn      = {1-932415-64-5},
  bibsource = {DBLP, http://dblp.uni-trier.de},
  address =  {Las Vegas, Nevada, USA}
}

@INPROCEEDINGS{Lee2009,
author={Yongjin Lee and Yunsu Chung and Kiyoung Moon},
booktitle={IEEE Workshop on Computational Intelligence in Biometrics: Theory, Algorithms, and Applications, CIB},
title={Inverse operation and preimage attack on BioHashing},
year={2009},
month={March},
pages={92-97},
doi={10.1109/CIB.2009.4925692},}

@inproceedings{Rosenberger13,
  added-at = {2013-11-05T00:00:00.000+0100},
  author = {Lacharme, Patrick and Cherrier, Estelle and Rosenberger, Christophe},
  biburl = {http://www.bibsonomy.org/bibtex/2683dd30165406d8e265bb13139f015f2/dblp},
  booktitle = {International Conference on Security and Cryptography, SECRYPT},
  editor = {Samarati, Pierangela},
  interhash = {eae959e90f7297eaf66f1a0a2ee5cc1f},
  intrahash = {683dd30165406d8e265bb13139f015f2},
  isbn = {978-989-8565-73-0},
  keywords = {dblp},
  pages = {363-370},
  publisher = {SciTePress},
  timestamp = {2013-11-05T00:00:00.000+0100},
  title = {Preimage Attack on BioHashing.},
  doi = {10.5220/0004524103630370},
  year = 2013,
  address = {Reykjavík, Iceland}
}

@article {Plan2011,
author = {Plan, Yaniv and Vershynin, Roman},
title = {One-Bit Compressed Sensing by Linear Programming},
journal = {Communications on Pure and Applied Mathematics},
volume = {66},
number = {8},
publisher = {Wiley Subscription Services, Inc., A Wiley Company},
issn = {1097-0312},
doi = {10.1002/cpa.21442},
pages = {1275--1297},
year = {2013},
}

@article{Boufounos2013,
  Arxivurl =   {http://arxiv.org/abs/1104.3160},
  Author =   {Jacques, L. and Laska, J. N. and Boufounos, P. T. and Baraniuk, R. G.},
  Journal =   {IEEE Transactions on Information Theory},
  Title =   {Robust 1-Bit Compressive Sensing via Binary Stable Embeddings of Sparse Vectors},
  Doi =     {10.1109/TIT.2012.2234823},
  volume =   {59},
  number =   {4},
  Month =   {April},
  Year =   {2013}
}



@article{PCA1991,
 author = {Turk, Matthew and Pentland, Alex},
 title = {Eigenfaces for Recognition},
 journal = {Journal of  Cognitive Neuroscience},
 issue_date = {Winter 1991},
 volume = {3},
 number = {1},
 month = jan,
 year = {1991},
 issn = {0898-929X},
 pages = {71--86},
 numpages = {16},
 doi = {10.1162/jocn.1991.3.1.71},
 acmid = {1326894},
 publisher = {MIT Press},
 address = {Cambridge, MA, USA},
}

@ARTICLE{Hamming,
  address = {NEW YORK},
  author = {Hamming, R. W.},
  issn = {0005-8580},
  journal = {Bell System Technical Journal},
  pages = {147--160},
  publication-type = {J},
  publisher = {AMER TELEPHONE TELEGRAPH CO},
  publisher-address = {550 MADISON AVE, NEW YORK, NY 10022},
  source = {BELL SYST TECH J},
  subject-category = {Engineering, Electrical & Electronic},
  title = {Error Detecting and Error Correcting Codes},
  doi = {10.1002/j.1538-7305.1950.tb00463.x},
  volume = 29,
  year = 1950
}

@INPROCEEDINGS{Boufounos2008,
author={Boufounos, P.T. and Baraniuk, R.G.},
booktitle={42nd Annual Conference on Information Sciences and Systems, CISS},
title={1-Bit compressive sensing},
year={2008},
month={March},
pages={16-21},
doi={10.1109/CISS.2008.4558487},}

@article{Davies2009,
title = "Iterative hard thresholding for compressed sensing ",
journal = "Applied and Computational Harmonic Analysis ",
volume = "27",
number = "3",
pages = "265 - 274",
year = "2009",
note = "",
issn = "1063-5203",
doi = "10.1016/j.acha.2009.04.002",
author = "Thomas Blumensath and Mike E. Davies",
}

@ARTICLE{Biosecure,
author={Ortega-Garcia, J. and Fierrez, J. and Alonso-Fernandez, F. and Galbally, J. and Freire, M.R. and Gonzalez-Rodriguez, J. and Garcia-Mateo, C. and Alba-Castro, J.-L. and Gonzalez-Agulla, E. and Otero-Muras, E. and Garcia-Salicetti, S. and Allano, L. and Ly-Van, B. and Dorizzi, B. and Kittler, J. and Bourlai, T. and Poh, N. and Deravi, F. and Ng, M. and Fairhurst, M. and Hennebert, J. and Humm, A and Tistarelli, M. and Brodo, L. and Richiardi, J. and Drygajlo, A and Ganster, H. and Sukno, F.M. and Pavani, S.-K. and Frangi, A and Akarun, L. and Savran, A},
journal={IEEE Transactions on Pattern Analysis and Machine Intelligence},
title="{The Multiscenario Multienvironment BioSecure Multimodal Database (BMDB)}",
year={2010},
month={June},
volume={32},
number={6},
pages={1097-1111},
keywords={biometrics (access control);data acquisition;database management systems;security of data;BMDB;acquisition sessions;biosecure association;cross European diversity;demographic data;fingerprint data;mobile portable hardware;multimodal biometric database;multiscenario multienvironment biosecure multimodal database;office environment;Availability;Biometrics;Biosensors;Fingerprint recognition;Hardware;Internet;Iris;Multimodal sensors;Sensor phenomena and characterization;Spatial databases;Multimodal;benchmark;biometrics;database;evaluation;face;fingerprint;hand;iris.;performance;signature;speaker;voice;Biometric Identification;Data Interpretation, Statistical;Database Management Systems;Databases, Factual;Dermatoglyphics;Face;Female;Humans;Iris;Male;Reproducibility of Results;Voice},
doi={10.1109/TPAMI.2009.76},
ISSN={0162-8828},}

@article{Viola-Jones,
 author = {Viola, Paul and Jones, Michael J.},
 title = {Robust Real-Time Face Detection},
 journal = {International Journal on Computer Vision},
 issue_date = {May 2004},
 volume = {57},
 number = {2},
 month = may,
 year = {2004},
 issn = {0920-5691},
 pages = {137--154},
 numpages = {18},
 doi = {10.1023/B:VISI.0000013087.49260.fb},
 acmid = {966458},
 publisher = {Kluwer Academic Publishers},
 address = {Hingham, MA, USA},
 keywords = {boosting, face detection, human sensing},
}

@article{Feng14,
  author    = {Yi C. Feng and
               Meng{-}Hui Lim and
               Pong C. Yuen},
  title     = {Masquerade attack on transform-based binary-template protection based
               on perceptron learning},
  journal   = {Pattern Recognition},
  volume    = {47},
  number    = {9},
  pages     = {3019--3033},
  year      = {2014},
  url       = {http://dx.doi.org/10.1016/j.patcog.2014.03.003},
  doi       = {10.1016/j.patcog.2014.03.003}
}

@article{Candes2008,
    author = {Candes, E. J. and Wakin, M. B.},
    booktitle = {Signal Processing Magazine, IEEE},
    doi = {10.1109/msp.2007.914731},
    institution = {Ecole Polytech., Paris},
    issn = {1053-5888},
    journal = {IEEE Signal Processing Magazine},
    month = mar,
    number = {2},
    pages = {21--30},
    publisher = {IEEE},
    title = {An introduction to compressive sampling},
    volume = {25},
    year = {2008}
}

@book{Goldreich2006,
 author = {Goldreich, Oded},
 title = {Foundations of Cryptography: Volume 1},
 year = {2006},
 isbn = {0521035368},
 publisher = {Cambridge University Press},
 address = {New York, NY, USA},
}



$$$$$$$$$$$$$$$$$$$$$$$$$$$$$$$$$$$$$$$$$$$$$$$$$$$$$$$$$$$$$$$$$$$$$$$$$$$$$$$$
$$$$$$$$$$$$$$$$$$$$$$$$$$$$$$$$$$$$$$$$$$$$$$$$$$$$$$$$$$$$$$$$$$$$$$$$$$$$$$$$



@article{Daugman03,
  added-at = {2004-02-12T00:00:00.000+0100},
  author = {Daugman, John},
  biburl = {http://www.bibsonomy.org/bibtex/2581bf1e3302e179e0ed289002a540158/dblp},
  date = {2004-02-12},
  description = {dblp},
  ee = {http://dx.doi.org/10.1016/S0031-3203(02)00030-4},
  interhash = {f5745e726e64829efed370f1fd4b2c2a},
  intrahash = {581bf1e3302e179e0ed289002a540158},
  journal = {Pattern Recognition},
  keywords = {dblp},
  number = 2,
  pages = {279-291},
  timestamp = {2004-02-12T00:00:00.000+0100},
  title = {The importance of being random: statistical principles of iris recognition.},
  volume = 36,
  year = 2003
}

@article{binomial94,
author = {Viveros, RomÃ¡N and Balasubramanian, K. and Balakrishnan, N.},
title = {Binomial and Negative Binomial Analogues under Correlated {Bernoulli} Trials},
journal = {The American Statistician},
volume = {48},
number = {3},
pages = {243-247},
year = {1994},
doi = {10.1080/00031305.1994.10476068},
}





@article{Prabhakar03,
  added-at = {2008-07-22T13:15:41.000+0200},
  author = {Prabhakar, Salil and Pankanti, Sharath and Jain, Anil K.},
  bibsource = {DBLP, http://dblp.uni-trier.de},
  biburl = {http://www.bibsonomy.org/bibtex/246d8500b1c86cfd19479de46a1170a80/pape},
  ee = {http://doi.ieeecomputersociety.org/10.1109/MSECP.2003.1193209},
  interhash = {7fcbcb222ff3ff0e8bea12d2bc0e3474},
  intrahash = {46d8500b1c86cfd19479de46a1170a80},
  journal = {IEEE Security {\&} Privacy},
  keywords = {Biometrics, Privacy},
  number = 2,
  pages = {33-42},
  timestamp = {2008-07-22T13:15:41.000+0200},
  title = {Biometric Recognition: Security and Privacy Concerns},
  volume = 1,
  year = 2003
}

@inproceedings{Ratha01,
 author = {Ratha, Nalini K. and Connell, Jonathan H. and Bolle, Ruud M.},
 title = {An Analysis of Minutiae Matching Strength},
 booktitle = {Proceedings of the Third International Conference on Audio- and Video-Based Biometric Person Authentication},
 series = {AVBPA '01},
 year = {2001},
 isbn = {3-540-42216-1},
 pages = {223--228},
 numpages = {6},
 acmid = {677597},
 publisher = {Springer-Verlag},
 address = {London, UK, UK},
}

@article{Ignatenko10,
  added-at = {2010-09-25T00:00:00.000+0200},
  author = {Ignatenko, Tanya and Willems, Frans M. J.},
  biburl = {http://www.bibsonomy.org/bibtex/2c0fdd4fe7576b2431ba7c408c85ba54d/dblp},
  ee = {http://dx.doi.org/10.1109/TIFS.2010.2046984},
  interhash = {8428d7a826cd33bef44c5f5f277dbba4},
  intrahash = {c0fdd4fe7576b2431ba7c408c85ba54d},
  journal = {IEEE Transactions on Information Forensics and Security},
  keywords = {dblp},
  number = 2,
  pages = {337-348},
  timestamp = {2010-09-25T00:00:00.000+0200},
  title = {Information leakage in fuzzy commitment schemes.},
  volume = 5,
  year = 2010
}

@inproceedings{Topcu16eusipco,
  author    = {Berkay Topcu and
               Cagatay Karabat and
               Hakan Erdogan},
  title     = {Unpredictability assessment of biometric hashing under naive and advanced
               threat conditions},
  booktitle = {24th European Signal Processing Conference, {EUSIPCO} 2016, Budapest,
               Hungary, August 29 - September 2, 2016},
  pages     = {2265--2269},
  year      = {2016},
  url       = {https://doi.org/10.1109/EUSIPCO.2016.7760652},
  doi       = {10.1109/EUSIPCO.2016.7760652},
  timestamp = {Thu, 25 May 2017 00:37:37 +0200},
  biburl    = {https://dblp.org/rec/bib/conf/eusipco/TopcuKE16},
  bibsource = {dblp computer science bibliography, https://dblp.org}
}





@INPROCEEDINGS{6004932,
 author={Karabat, C. and Erdogan, Hakan and Mihcak, M.K.},
 booktitle={17th International Conference on Digital Signal Processing (DSP)},
 title={A face image hashing method based on optimal linear transform under colored Gaussian noise assumption},
 year={2011},
 month={July},
 pages={1-6},
 keywords={Gaussian noise;covariance matrices;cryptography;face recognition;feature extraction;maximum likelihood estimation;AT&T face database;M2VTS face database;biometric data;colored Gaussian noise assumption;face image hash vector;face image hashing method;feature extraction method;maximum likelihood estimate;optimal linear transformation matrix;random projection;within-class covariance matrix;Biomedical imaging;Databases;Discrete wavelet transforms;Face;Feature extraction;Training;Vectors;biometric hashing;privacy;security},
 doi={10.1109/ICDSP.2011.6004932},
 ISSN={Pending},}

@inproceedings{Yang10,
  author = {Yang, Bian and Busch, Christoph and Bours, Patrick and Gafurov, Davrondzhon},
  booktitle = {Media Forensics and Security},
  editor = {Memon, Nasir D. and Dittmann, Jana and Alattar, Adnan M. and Delp, Edward J.},
  pages = 75410,
  publisher = {SPIE},
  series = {SPIE Proceedings},
  title = {Robust minutiae hash for fingerprint template protection.},
  address = {United States},
  volume = 7541,
  year = 2010
}

@inproceedings{Kummel10,
 author = {K\"{u}mmel, Karl and Vielhauer, Claus and Scheidat, Tobias and Franke, Dirk and Dittmann, Jana},
 title = {Handwriting Biometric Hash Attack: A Genetic Algorithm with User Interaction for Raw Data Reconstruction},
 booktitle = {Proceedings of the 11th IFIP TC 6/TC 11 International Conference on Communications and Multimedia Security},
 series = {CMS'10},
 year = {2010},
 isbn = {3-642-13240-5, 978-3-642-13240-7},
 location = {Linz, Austria},
 pages = {178--190},
 numpages = {13},
 acmid = {2177002},
 publisher = {Springer-Verlag},
 address = {Berlin, Heidelberg},
 keywords = {biometric hashing, online handwriting, reproducibility, security, vulnerabilities},
}

@inproceedings{Ignatenko2009,
 author = {Ignatenko, Tanya and Willems, Frans},
 title = {Secret Rate - Privacy Leakage in Biometric Systems},
 booktitle = {Proceedings of the 2009 IEEE International Conference on Symposium on Information Theory - Volume 4},
 series = {ISIT'09},
 year = {2009},
 isbn = {978-1-4244-4312-3},
 location = {Coex, Seoul, Korea},
 pages = {2251--2255},
 numpages = {5},
 url = {http://dl.acm.org/citation.cfm?id=1700967.1700984},
 acmid = {1700984},
 publisher = {IEEE Press},
 address = {Piscataway, NJ, USA},
}

@inproceedings{Zhou11,
  added-at = {2012-11-05T00:00:00.000+0100},
  author = {Zhou, Xuebing and Kuijper, Arjan and Veldhuis, Raymond N. J. and Busch, Christoph},
  biburl = {http://www.bibsonomy.org/bibtex/29605c4eae6a3ae035d573dc7186d4df8/dblp},
  booktitle = {IJCB},
  crossref = {conf/icb/2012},
  editor = {Jain, Anil K. and Ross, Arun and Prabhakar, Salil and Kim, Jaihie},
  ee = {http://dx.doi.org/10.1109/IJCB.2011.6117543},
  interhash = {fb40afc4c95d3e0e2623bef7dfe2b39e},
  intrahash = {9605c4eae6a3ae035d573dc7186d4df8},
  isbn = {978-1-4673-0396-5},
  keywords = {dblp},
  pages = {1-8},
  publisher = {IEEE},
  timestamp = {2012-11-05T00:00:00.000+0100},
  title = {Quantifying privacy and security of biometric fuzzy commitment.},
  url = {http://dblp.uni-trier.de/db/conf/icb/ijcb2011.html#ZhouKVB11},
  year = 2011
}

@article{Zhou12,
  author    = {Xuebing Zhou},
  title     = {Privacy and Security Assessment of Biometric Template Protection},
  journal   = {IT - Information Technology},
  volume    = {54},
  number    = {4},
  year      = {2012},
  pages     = {197-200},
  ee        = {http://dx.doi.org/10.1524/itit.2012.0676},
  bibsource = {DBLP, http://dblp.uni-trier.de}
}


@INPROCEEDINGS{SIU2014,
author={Karabat, Cagatay and Topcu, Berkay},
booktitle={IEEE 22nd Signal Processing and Communications Applications Conference},
title={How to assess privacy preservation capability of biohashing methods?: Privacy metrics},
year={2014},
month={April},
pages={2217-2220},
keywords={Conferences;Internet;Measurement;Privacy;Security;Signal processing;Simulation;biometric;biometric hash;metrics;privacy},
doi={10.1109/SIU.2014.6830705},}
